<record><leader>00000cas a22000007a 4500</leader><controlfield tag="001">16068785</controlfield><controlfield tag="008">870624d18761877msuwr ne      0    0eng d</controlfield><datafield ind1=" " ind2=" " tag="010"><subfield code="a">sn 87065706 </subfield></datafield><datafield ind1=" " ind2=" " tag="040"><subfield code="a">MPC</subfield><subfield code="b">eng</subfield><subfield code="c">MPC</subfield><subfield code="d">MSJ</subfield><subfield code="d">OCLCQ</subfield></datafield><datafield ind1=" " ind2=" " tag="042"><subfield code="a">msc</subfield></datafield><datafield ind1="0" ind2="4" tag="245"><subfield code="a">The Yazoo Valley Democrat.</subfield></datafield><datafield ind1=" " ind2=" " tag="260"><subfield code="a">Yazoo City, Miss. :</subfield><subfield code="b">Campbell Bros.,</subfield><subfield code="c">1876-1877.</subfield></datafield><datafield ind1=" " ind2=" " tag="310"><subfield code="a">Weekly</subfield></datafield><datafield ind1="0" ind2=" " tag="362"><subfield code="a">Vol. 9, [no. 23] (Oct. 10, 1876)-v. 9, no. 39 (Feb. 6, 1877).</subfield></datafield><datafield ind1=" " ind2=" " tag="500"><subfield code="a">Title varies slightly.</subfield></datafield><datafield ind1=" " ind2=" " tag="500"><subfield code="a">Title in publisher's statement is "The Democrat."</subfield></datafield><datafield ind1=" " ind2=" " tag="515"><subfield code="a">Issue for Oct. 10, 1876 is numbered v. 9, no. 24, but constitutes v. 9, no. 23; issue for Oct. 17, 1876 is numbered v. 9, no. 23, but constitutes v. 9, no. 24.</subfield></datafield><datafield ind1=" " ind2=" " tag="752"><subfield code="a">United States</subfield><subfield code="b">Mississippi</subfield><subfield code="c">Yazoo</subfield><subfield code="d">Yazoo City.</subfield></datafield><datafield ind1="0" ind2="0" tag="780"><subfield code="t">Yazoo City Democrat</subfield><subfield code="w">(OCoLC)16068769</subfield></datafield><datafield ind1="0" ind2="7" tag="785"><subfield code="t">Yazoo City herald (Yazoo City, Miss. : 1872)</subfield><subfield code="w">(OCoLC)15153560</subfield></datafield><datafield ind1="0" ind2="7" tag="785"><subfield code="t">Herald-Democrat (Yazoo City, Miss.)</subfield><subfield code="w">(OCoLC)16069182</subfield></datafield></record>